%YAML 1.1
%TAG !u! tag:unity3d.com,2011:
--- !u!1001 &1059182210674300505
PrefabInstance:
  m_ObjectHideFlags: 0
  serializedVersion: 2
  m_Modification:
    serializedVersion: 3
    m_TransformParent: {fileID: 0}
    m_Modifications:
    - target: {fileID: 3436331868255881429, guid: c495e35bf52e3584fb586efc9a177ae7, type: 3}
      propertyPath: m_LocalPosition.x
      value: -0.5
      objectReference: {fileID: 0}
    - target: {fileID: 3436331868255881429, guid: c495e35bf52e3584fb586efc9a177ae7, type: 3}
      propertyPath: m_LocalPosition.y
      value: 0
      objectReference: {fileID: 0}
    - target: {fileID: 5332938047659238669, guid: c495e35bf52e3584fb586efc9a177ae7, type: 3}
      propertyPath: m_LocalPosition.x
      value: 0
      objectReference: {fileID: 0}
    - target: {fileID: 5332938047659238669, guid: c495e35bf52e3584fb586efc9a177ae7, type: 3}
      propertyPath: m_LocalPosition.y
      value: 0
      objectReference: {fileID: 0}
    - target: {fileID: 5332938047659238669, guid: c495e35bf52e3584fb586efc9a177ae7, type: 3}
      propertyPath: m_LocalPosition.z
      value: 0
      objectReference: {fileID: 0}
    - target: {fileID: 5332938047659238669, guid: c495e35bf52e3584fb586efc9a177ae7, type: 3}
      propertyPath: m_LocalRotation.w
      value: 1
      objectReference: {fileID: 0}
    - target: {fileID: 5332938047659238669, guid: c495e35bf52e3584fb586efc9a177ae7, type: 3}
      propertyPath: m_LocalRotation.x
      value: 0
      objectReference: {fileID: 0}
    - target: {fileID: 5332938047659238669, guid: c495e35bf52e3584fb586efc9a177ae7, type: 3}
      propertyPath: m_LocalRotation.y
      value: 0
      objectReference: {fileID: 0}
    - target: {fileID: 5332938047659238669, guid: c495e35bf52e3584fb586efc9a177ae7, type: 3}
      propertyPath: m_LocalRotation.z
      value: 0
      objectReference: {fileID: 0}
    - target: {fileID: 5332938047659238669, guid: c495e35bf52e3584fb586efc9a177ae7, type: 3}
      propertyPath: m_LocalEulerAnglesHint.x
      value: 0
      objectReference: {fileID: 0}
    - target: {fileID: 5332938047659238669, guid: c495e35bf52e3584fb586efc9a177ae7, type: 3}
      propertyPath: m_LocalEulerAnglesHint.y
      value: 0
      objectReference: {fileID: 0}
    - target: {fileID: 5332938047659238669, guid: c495e35bf52e3584fb586efc9a177ae7, type: 3}
      propertyPath: m_LocalEulerAnglesHint.z
      value: 0
      objectReference: {fileID: 0}
    - target: {fileID: 5864597267288925430, guid: c495e35bf52e3584fb586efc9a177ae7, type: 3}
      propertyPath: m_LocalPosition.x
      value: -0.5
      objectReference: {fileID: 0}
    - target: {fileID: 5864597267288925430, guid: c495e35bf52e3584fb586efc9a177ae7, type: 3}
      propertyPath: m_LocalPosition.y
      value: 1
      objectReference: {fileID: 0}
    - target: {fileID: 5991638757660048983, guid: c495e35bf52e3584fb586efc9a177ae7, type: 3}
      propertyPath: _gameTileViews.Array.size
      value: 6
      objectReference: {fileID: 0}
    - target: {fileID: 5991638757660048983, guid: c495e35bf52e3584fb586efc9a177ae7, type: 3}
      propertyPath: _gameTileViews.Array.data[4]
      value: 
      objectReference: {fileID: 940219377872529800}
    - target: {fileID: 5991638757660048983, guid: c495e35bf52e3584fb586efc9a177ae7, type: 3}
      propertyPath: _gameTileViews.Array.data[5]
      value: 
      objectReference: {fileID: 6712679712206474281}
    - target: {fileID: 6302482665700355187, guid: c495e35bf52e3584fb586efc9a177ae7, type: 3}
      propertyPath: m_Name
      value: Fragment Variant 6 01
      objectReference: {fileID: 0}
    - target: {fileID: 7696077990546578996, guid: c495e35bf52e3584fb586efc9a177ae7, type: 3}
      propertyPath: m_LocalPosition.x
      value: 0.5
      objectReference: {fileID: 0}
    - target: {fileID: 7696077990546578996, guid: c495e35bf52e3584fb586efc9a177ae7, type: 3}
      propertyPath: m_LocalPosition.y
      value: 1
      objectReference: {fileID: 0}
    - target: {fileID: 8468769612333219660, guid: c495e35bf52e3584fb586efc9a177ae7, type: 3}
      propertyPath: m_LocalPosition.x
      value: 0.5
      objectReference: {fileID: 0}
    - target: {fileID: 8468769612333219660, guid: c495e35bf52e3584fb586efc9a177ae7, type: 3}
      propertyPath: m_LocalPosition.y
      value: 0
      objectReference: {fileID: 0}
    m_RemovedComponents: []
    m_RemovedGameObjects: []
    m_AddedGameObjects:
    - targetCorrespondingSourceObject: {fileID: 5332938047659238669, guid: c495e35bf52e3584fb586efc9a177ae7, type: 3}
      insertIndex: -1
      addedObject: {fileID: 6282099378046477352}
    - targetCorrespondingSourceObject: {fileID: 5332938047659238669, guid: c495e35bf52e3584fb586efc9a177ae7, type: 3}
      insertIndex: -1
      addedObject: {fileID: 507479803665285513}
    m_AddedComponents: []
  m_SourcePrefab: {fileID: 100100000, guid: c495e35bf52e3584fb586efc9a177ae7, type: 3}
--- !u!4 &4949630254085010260 stripped
Transform:
  m_CorrespondingSourceObject: {fileID: 5332938047659238669, guid: c495e35bf52e3584fb586efc9a177ae7, type: 3}
  m_PrefabInstance: {fileID: 1059182210674300505}
  m_PrefabAsset: {fileID: 0}
--- !u!1001 &3263398816962502204
PrefabInstance:
  m_ObjectHideFlags: 0
  serializedVersion: 2
  m_Modification:
    serializedVersion: 3
    m_TransformParent: {fileID: 4949630254085010260}
    m_Modifications:
    - target: {fileID: 3045284225572757429, guid: ffe0faafb9aae0f4e9dfd4421b778526, type: 3}
      propertyPath: m_LocalPosition.x
      value: 0.5
      objectReference: {fileID: 0}
    - target: {fileID: 3045284225572757429, guid: ffe0faafb9aae0f4e9dfd4421b778526, type: 3}
      propertyPath: m_LocalPosition.y
      value: -1
      objectReference: {fileID: 0}
    - target: {fileID: 3045284225572757429, guid: ffe0faafb9aae0f4e9dfd4421b778526, type: 3}
      propertyPath: m_LocalPosition.z
      value: 0
      objectReference: {fileID: 0}
    - target: {fileID: 3045284225572757429, guid: ffe0faafb9aae0f4e9dfd4421b778526, type: 3}
      propertyPath: m_LocalRotation.w
      value: 1
      objectReference: {fileID: 0}
    - target: {fileID: 3045284225572757429, guid: ffe0faafb9aae0f4e9dfd4421b778526, type: 3}
      propertyPath: m_LocalRotation.x
      value: 0
      objectReference: {fileID: 0}
    - target: {fileID: 3045284225572757429, guid: ffe0faafb9aae0f4e9dfd4421b778526, type: 3}
      propertyPath: m_LocalRotation.y
      value: 0
      objectReference: {fileID: 0}
    - target: {fileID: 3045284225572757429, guid: ffe0faafb9aae0f4e9dfd4421b778526, type: 3}
      propertyPath: m_LocalRotation.z
      value: 0
      objectReference: {fileID: 0}
    - target: {fileID: 3045284225572757429, guid: ffe0faafb9aae0f4e9dfd4421b778526, type: 3}
      propertyPath: m_LocalEulerAnglesHint.x
      value: 0
      objectReference: {fileID: 0}
    - target: {fileID: 3045284225572757429, guid: ffe0faafb9aae0f4e9dfd4421b778526, type: 3}
      propertyPath: m_LocalEulerAnglesHint.y
      value: 0
      objectReference: {fileID: 0}
    - target: {fileID: 3045284225572757429, guid: ffe0faafb9aae0f4e9dfd4421b778526, type: 3}
      propertyPath: m_LocalEulerAnglesHint.z
      value: 0
      objectReference: {fileID: 0}
    - target: {fileID: 3590222962075976559, guid: ffe0faafb9aae0f4e9dfd4421b778526, type: 3}
      propertyPath: m_Name
      value: Tile (6)
      objectReference: {fileID: 0}
    m_RemovedComponents: []
    m_RemovedGameObjects: []
    m_AddedGameObjects: []
    m_AddedComponents: []
  m_SourcePrefab: {fileID: 100100000, guid: ffe0faafb9aae0f4e9dfd4421b778526, type: 3}
--- !u!4 &507479803665285513 stripped
Transform:
  m_CorrespondingSourceObject: {fileID: 3045284225572757429, guid: ffe0faafb9aae0f4e9dfd4421b778526, type: 3}
  m_PrefabInstance: {fileID: 3263398816962502204}
  m_PrefabAsset: {fileID: 0}
--- !u!114 &6712679712206474281 stripped
MonoBehaviour:
  m_CorrespondingSourceObject: {fileID: 8097983733706199573, guid: ffe0faafb9aae0f4e9dfd4421b778526, type: 3}
  m_PrefabInstance: {fileID: 3263398816962502204}
  m_PrefabAsset: {fileID: 0}
  m_GameObject: {fileID: 0}
  m_Enabled: 1
  m_EditorHideFlags: 0
  m_Script: {fileID: 11500000, guid: f7b026f470f04ed7bdb842da2d1d7a2e, type: 3}
  m_Name: 
  m_EditorClassIdentifier: 
--- !u!1001 &9038027120864197533
PrefabInstance:
  m_ObjectHideFlags: 0
  serializedVersion: 2
  m_Modification:
    serializedVersion: 3
    m_TransformParent: {fileID: 4949630254085010260}
    m_Modifications:
    - target: {fileID: 3045284225572757429, guid: ffe0faafb9aae0f4e9dfd4421b778526, type: 3}
      propertyPath: m_LocalPosition.x
      value: -0.5
      objectReference: {fileID: 0}
    - target: {fileID: 3045284225572757429, guid: ffe0faafb9aae0f4e9dfd4421b778526, type: 3}
      propertyPath: m_LocalPosition.y
      value: -1
      objectReference: {fileID: 0}
    - target: {fileID: 3045284225572757429, guid: ffe0faafb9aae0f4e9dfd4421b778526, type: 3}
      propertyPath: m_LocalPosition.z
      value: 0
      objectReference: {fileID: 0}
    - target: {fileID: 3045284225572757429, guid: ffe0faafb9aae0f4e9dfd4421b778526, type: 3}
      propertyPath: m_LocalRotation.w
      value: 1
      objectReference: {fileID: 0}
    - target: {fileID: 3045284225572757429, guid: ffe0faafb9aae0f4e9dfd4421b778526, type: 3}
      propertyPath: m_LocalRotation.x
      value: 0
      objectReference: {fileID: 0}
    - target: {fileID: 3045284225572757429, guid: ffe0faafb9aae0f4e9dfd4421b778526, type: 3}
      propertyPath: m_LocalRotation.y
      value: 0
      objectReference: {fileID: 0}
    - target: {fileID: 3045284225572757429, guid: ffe0faafb9aae0f4e9dfd4421b778526, type: 3}
      propertyPath: m_LocalRotation.z
      value: 0
      objectReference: {fileID: 0}
    - target: {fileID: 3045284225572757429, guid: ffe0faafb9aae0f4e9dfd4421b778526, type: 3}
      propertyPath: m_LocalEulerAnglesHint.x
      value: 0
      objectReference: {fileID: 0}
    - target: {fileID: 3045284225572757429, guid: ffe0faafb9aae0f4e9dfd4421b778526, type: 3}
      propertyPath: m_LocalEulerAnglesHint.y
      value: 0
      objectReference: {fileID: 0}
    - target: {fileID: 3045284225572757429, guid: ffe0faafb9aae0f4e9dfd4421b778526, type: 3}
      propertyPath: m_LocalEulerAnglesHint.z
      value: 0
      objectReference: {fileID: 0}
    - target: {fileID: 3590222962075976559, guid: ffe0faafb9aae0f4e9dfd4421b778526, type: 3}
      propertyPath: m_Name
      value: Tile (5)
      objectReference: {fileID: 0}
    m_RemovedComponents: []
    m_RemovedGameObjects: []
    m_AddedGameObjects: []
    m_AddedComponents: []
  m_SourcePrefab: {fileID: 100100000, guid: ffe0faafb9aae0f4e9dfd4421b778526, type: 3}
--- !u!114 &940219377872529800 stripped
MonoBehaviour:
  m_CorrespondingSourceObject: {fileID: 8097983733706199573, guid: ffe0faafb9aae0f4e9dfd4421b778526, type: 3}
  m_PrefabInstance: {fileID: 9038027120864197533}
  m_PrefabAsset: {fileID: 0}
  m_GameObject: {fileID: 0}
  m_Enabled: 1
  m_EditorHideFlags: 0
  m_Script: {fileID: 11500000, guid: f7b026f470f04ed7bdb842da2d1d7a2e, type: 3}
  m_Name: 
  m_EditorClassIdentifier: 
--- !u!4 &6282099378046477352 stripped
Transform:
  m_CorrespondingSourceObject: {fileID: 3045284225572757429, guid: ffe0faafb9aae0f4e9dfd4421b778526, type: 3}
  m_PrefabInstance: {fileID: 9038027120864197533}
  m_PrefabAsset: {fileID: 0}
